@mastersthesis{123a,
  title={基于深度学习的声纹识别算法研究},
  author={郭茗涵},
  year={2020},
  school={吉林大学}
}

@article{ren2015faster,
  title={Faster r-cnn: Towards real-time object detection with region proposal networks},
  author={Ren, Shaoqing and He, Kaiming and Girshick, Ross and Sun, Jian},
  journal={arXiv preprint arXiv:1506.01497},
  year={2015}
}
