@inproceedings{prabhu2020gdumb,
  title={GDumb: A simple approach that questions our progress in continual learning},
  author={Prabhu, Ameya and Torr, Philip HS and Dokania, Puneet K},
  booktitle={European Conference on Computer Vision},
  pages={524--540},
  year={2020},
  organization={Springer}
}

@article{wang2020frustratingly,
  title={Frustratingly simple few-shot object detection},
  author={Wang, Xin and Huang, Thomas E and Darrell, Trevor and Gonzalez, Joseph E and Yu, Fisher},
  journal={arXiv preprint arXiv:2003.06957},
  year={2020}
}

@inproceedings{kang2019few,
  title={Few-shot object detection via feature reweighting},
  author={Kang, Bingyi and Liu, Zhuang and Wang, Xin and Yu, Fisher and Feng, Jiashi and Darrell, Trevor},
  booktitle={Proceedings of the IEEE/CVF International Conference on Computer Vision},
  pages={8420--8429},
  year={2019}
}
