@mastersthesis{123a,
  title={基于深度学习的声纹识别算法研究},
  author={郭茗涵},
  year={2020},
  school={吉林大学}
}
